<collection xmlns="http://www.loc.gov/MARC21/slim">
<record>
  <leader>02998nam0a22004451i 450 </leader>
  <controlfield tag="001">IT\ICCU\CNCE\078942</controlfield>
  <controlfield tag="005">20151110000000.0</controlfield>
  <datafield tag="012" ind1=" " ind2=" ">
    <subfield code="a">i-s, s.tq ijl. SeS. (3) 1600 (R)</subfield>
    <subfield code="2">fei</subfield>
    <subfield code="9">2</subfield>
  </datafield>
  <datafield tag="100" ind1=" " ind2=" ">
    <subfield code="a">20150423d1600        0itac0103    ba</subfield>
  </datafield>
  <datafield tag="101" ind1=" " ind2=" ">
    <subfield code="a">LAT</subfield>
  </datafield>
  <datafield tag="102" ind1=" " ind2=" ">
    <subfield code="a">IT</subfield>
  </datafield>
  <datafield tag="200" ind1="1" ind2=" ">
    <subfield code="a">Itinerarium nobiliorum Italiae regionum, vrbium, oppidorum, et locorum; nunc serio auctum, &amp; tabellis chorographicis, &amp; topographicis locupletatum; in quo, tamquam in theatro, nobilis adolescens, etiam domi sedens, praestantissimae regionis delicias spectare cum voluptate poterit. Auctoribus Francisco Schotto Antuerpiensi I.C. et F. Hieronymo ex Capugnano Bonon. praedicatorio</subfield>
  </datafield>
  <datafield tag="210" ind1=" " ind2=" ">
    <subfield code="a">Vincentiae</subfield>
    <subfield code="c">apud Franciscum Bolzettam Gymnasij Patauini bibliopolam</subfield>
    <subfield code="d">1601</subfield>
  </datafield>
  <datafield tag="215" ind1=" " ind2=" ">
    <subfield code="a">2 v.</subfield>
    <subfield code="d">8ʻ</subfield>
  </datafield>
  <datafield tag="300" ind1=" " ind2=" ">
    <subfield code="a">2:  Itinerarii Italiae pars secunda. Roma eiusq. admiranda, cum diuina, tum humananc. Vincentiae : apud Franciscum Bolzettam bibliopolam Patauij, 1600. - Altro front. a c. N1r:  Itinerarii Italiae pars tertia. Iter Roma Neapolim. indeq. Puteolos. et reditus Tibur</subfield>
  </datafield>
  <datafield tag="423" ind1=" " ind2="0">
    <subfield code="1">001IT\ICCU\CNCE\078943</subfield>
    <subfield code="1">2001 </subfield>
    <subfield code="a">Itinerarii Italiae pars secunda. Roma eiusq. admiranda, cum diuina, tum humananc</subfield>
  </datafield>
  <datafield tag="423" ind1=" " ind2="0">
    <subfield code="1">001IT\ICCU\CNCE\078947</subfield>
    <subfield code="1">2001 </subfield>
    <subfield code="a">Itinerarii Italiae pars tertia. Iter Roma Neapolim. indeq. Puteolos. et reditus Tibur.</subfield>
  </datafield>
  <datafield tag="620" ind1=" " ind2=" ">
    <subfield code="a">IT</subfield>
    <subfield code="d">Vicenza</subfield>
  </datafield>
  <datafield tag="700" ind1=" " ind2="1">
    <subfield code="a">Schott,</subfield>
    <subfield code="b">Franz</subfield>
    <subfield code="3">IT\ICCU\CNCA\009622</subfield>
  </datafield>
  <datafield tag="702" ind1=" " ind2="1">
    <subfield code="a">Giovannini,</subfield>
    <subfield code="b">Girolamo</subfield>
    <subfield code="3">IT\ICCU\CNCA\000381</subfield>
  </datafield>
  <datafield tag="712" ind1="0" ind2="0">
    <subfield code="a">Bolzetta, Francesco</subfield>
    <subfield code="3">IT\ICCU\CNCT\000141</subfield>
    <subfield code="4">650</subfield>
  </datafield>
  <datafield tag="790" ind1=" " ind2="1">
    <subfield code="a">Schottus,</subfield>
    <subfield code="b">Franciscus</subfield>
    <subfield code="3">IT\ICCU\CNCA\024036</subfield>
    <subfield code="z">Schott, Franz</subfield>
  </datafield>
  <datafield tag="790" ind1=" " ind2="0">
    <subfield code="a">Girolamo</subfield>
    <subfield code="c"> : da#Capugnano</subfield>
    <subfield code="3">IT\ICCU\CNCA\006127</subfield>
    <subfield code="z">Giovannini, Girolamo</subfield>
  </datafield>
  <datafield tag="790" ind1=" " ind2="1">
    <subfield code="a">Capugnano,</subfield>
    <subfield code="b">Girolamo : da</subfield>
    <subfield code="3">IT\ICCU\CNCA\007867</subfield>
    <subfield code="z">Giovannini, Girolamo</subfield>
  </datafield>
  <datafield tag="790" ind1=" " ind2="1">
    <subfield code="a">Giovannini da Capugnano,</subfield>
    <subfield code="b">Girolamo</subfield>
    <subfield code="3">IT\ICCU\CNCA\022161</subfield>
    <subfield code="z">Giovannini, Girolamo</subfield>
  </datafield>
  <datafield tag="791" ind1="0" ind2="0">
    <subfield code="a">Bolzeta, Franciscus</subfield>
    <subfield code="3">IT\ICCU\CNCT\004414</subfield>
    <subfield code="z">Bolzetta, Francesco</subfield>
  </datafield>
  <datafield tag="801" ind1=" " ind2="3">
    <subfield code="a">IT</subfield>
    <subfield code="b">ICCU</subfield>
    <subfield code="c">20201115</subfield>
  </datafield>
  <datafield tag="899" ind1=" " ind2=" ">
    <subfield code="a">Biblioteca del Seminario vescovile. Alessandria</subfield>
    <subfield code="1">AL0004</subfield>
    <subfield code="2">TO0 GQ</subfield>
  </datafield>
  <datafield tag="899" ind1=" " ind2=" ">
    <subfield code="a">Biblioteca statale. Cremona</subfield>
    <subfield code="1">CR0062</subfield>
    <subfield code="2">LO1 28</subfield>
  </datafield>
  <datafield tag="899" ind1=" " ind2=" ">
    <subfield code="a">Biblioteca nazionale centrale. Firenze</subfield>
    <subfield code="1">FI0098</subfield>
    <subfield code="2">CFI CF</subfield>
  </datafield>
  <datafield tag="899" ind1=" " ind2=" ">
    <subfield code="a">Biblioteca Ludovico Jacobilli del Seminario vescovile. Foligno</subfield>
    <subfield code="1">PG0040</subfield>
    <subfield code="2">UM1 39</subfield>
  </datafield>
  <datafield tag="899" ind1=" " ind2=" ">
    <subfield code="a">Biblioteca comunale Augusta. Perugia</subfield>
    <subfield code="1">PG0109</subfield>
    <subfield code="2">UM1 01</subfield>
  </datafield>
  <datafield tag="899" ind1=" " ind2=" ">
    <subfield code="a">Biblioteca Palatina. Parma</subfield>
    <subfield code="1">PR0072</subfield>
    <subfield code="2">PAR PA</subfield>
  </datafield>
  <datafield tag="899" ind1=" " ind2=" ">
    <subfield code="a">Biblioteca di archeologia e storia dell&apos;arte. Roma</subfield>
    <subfield code="1">RM0117</subfield>
    <subfield code="2">BVE BA</subfield>
  </datafield>
  <datafield tag="899" ind1=" " ind2=" ">
    <subfield code="a">Biblioteca universitaria Alessandrina. Roma</subfield>
    <subfield code="1">RM0280</subfield>
    <subfield code="2">RML 01</subfield>
  </datafield>
  <datafield tag="899" ind1=" " ind2=" ">
    <subfield code="a">Biblioteca Angelica. Roma</subfield>
    <subfield code="1">RM0290</subfield>
    <subfield code="2">RML 06</subfield>
  </datafield>
  <datafield tag="899" ind1=" " ind2=" ">
    <subfield code="a">Biblioteca civica centrale. Torino</subfield>
    <subfield code="1">TO0240</subfield>
    <subfield code="2">BCT 01</subfield>
  </datafield>
  <datafield tag="899" ind1=" " ind2=" ">
    <subfield code="a">Biblioteca nazionale Marciana. Venezia</subfield>
    <subfield code="1">VE0049</subfield>
    <subfield code="2">VEA BM</subfield>
  </datafield>
  <datafield tag="911" ind1=" " ind2=" ">
    <subfield code="a">Sui front.</subfield>
    <subfield code="9">IT\ICCU\CNCM\001242</subfield>
  </datafield>
  <datafield tag="921" ind1=" " ind2=" ">
    <subfield code="a">IT\ICCU\CNCM\001242</subfield>
    <subfield code="b">Pace (donna seduta accanto a colonna, con ramo d&apos;olivo nella sinistra). Sulla colonna: PAX. In cornice figurata</subfield>
    <subfield code="c">U242</subfield>
    <subfield code="d">Dimensioni: 3 x 3,5</subfield>
    <subfield code="f">PAX</subfield>
    <subfield code="f">PACE</subfield>
    <subfield code="f">DONNA</subfield>
    <subfield code="f">COLONNA</subfield>
    <subfield code="f">OLIVO</subfield>
    <subfield code="g">1598-1600</subfield>
  </datafield>
</record>
</collection>
